@TECHREPORT{Audusse00,
  author = {Audusse, E. and Bristeau, M.-O. and Perthame, B.},
  title = {Kinetic schemes for {S}aint-{V}enant equations with source terms
	on unstructured grids},
  institution = {INRIA},
  year = {2000},
  number = {3989}
}

@ARTICLE{Audusse04c,
  author = {Audusse, E. and Bouchut, F. and Bristeau, M.-O. and Klein, R. and
	Perthame, B.},
  title = {A fast and stable well-balanced scheme with hydrostatic reconstruction
	for shallow water flows},
  journal = {SIAM J. Sci. Comput.},
  year = {2004},
  volume = {25},
  pages = {2050--2065},
  number = {6},
  doi = {10.1137/S1064827503431090}
}

@TECHREPORT{Bristeau01,
  author = {Bristeau, Marie-Odile and Coussin, Beno\^it},
  title = {Boundary conditions for the shallow water equations solved by kinetic schemes},
  institution = {INRIA},
  number = { RR-4282}, 
  year = 2001
} 

@ARTICLE{Batten97, 
 author = {Batten, P. and Clarke, N. and Lambert, C. and Causon, D. M.},
 title = {On the Choice of Wavespeeds for the {HLLC} {R}iemann Solver},
 journal = {SIAM Journal on Scientific Computing}, 
 year = {1997}, 
 volume = {18}, 
 number = {6}, 
 pages ={1553--1570}, 
 doi = {10.1137/S1064827593260140}
}

@BOOK{Bouchut04,
  title = {Nonlinear stability of finite volume methods for hyperbolic conservation
	laws, and well-balanced schemes for sources},
  publisher = {Birkh{\"a}user Basel},
  year = {2004},
  editor = {Birkh{\"a}user Basel},
  author = {Bouchut, F.},
  volume = {2/2004},
  doi = {10.1007/b93802}
}

@INCOLLECTION{Bouchut07b,
  author = {Bouchut, Fran\c{c}ois},
  title = {Chapter 4 Efficient Numerical Finite Volume Schemes for Shallow Water
	Models},
  booktitle = {Nonlinear Dynamics of Rotating Shallow Water: Methods and Advances},
  publisher = {Elsevier Science},
  year = {2007},
  editor = {V. Zeitlin},
  volume = {2},
  series = {Edited Series on Advances in Nonlinear Science and Complexity},
  pages = {189 -- 256},
  doi = {10.1016/S1574-6909(06)02004-1},
  issn = {1574-6909},
  url = {http://www.sciencedirect.com/science/article/B8JG3-4PS6TNS-6/2/f4c3dbcf476626c1cb6f353e9bc66cc9}
}

@PHDTHESIS{Delestre10b,
  author = {Delestre, Olivier},
  year = {2010},
  title = {Simulation du ruissellement d'eau de pluie sur des surfaces agricoles},
  school = {Universit\'e d'Orl\'eans},
  address = {Orl\'{e}ans, France},
  month = jul,
  note = {\url{http://tel.archives-ouvertes.fr/tel-00531377/en/}}
}

@MASTERSTHESIS{Delestre08,
  author = {Delestre, Olivier},
  title = {Ecriture d'un code {C++} pour la simulation en hydrologie},
  school = {Universit{\'e} d'Orl{\'e}ans},
  year = {2008},
  address = {Orl\'{e}ans, France},
  month = sep,
  note = {\url{http://dumas.ccsd.cnrs.fr/dumas-00446163/en/}}
}

@INPROCEEDINGS{Delestre09,
  author = {Delestre, Olivier and Cordier, St\'ephane and James, Fran\c{c}ois
  and Darboux, Fr\'ed\'eric},
  title = {Simulation of rain-water overland-flow},
  booktitle = {Proceedings of the $\rm 12^{th}$ International Conference on Hyperbolic Problems},
  year = {2009},
  editor = {Tadmor, E. and Liu,  J.-G. and Tzavaras, A.},
  volume = {67},
  series = {Proceedings of Symposia in Applied Mathematics},
  pages = {537--546},
  address = {University of Maryland, College Park (USA),},
  organization = {Amer. Math. Soc.}
}

@INPROCEEDINGS{DelestreJames09,
  author = {Delestre, Olivier and James, Fran\c{c}ois},
  title = {Simulation of rainfall events and overland flow},
  booktitle = {Proceedings of X International Conference Zaragoza-Pau on Applied Mathematics and Statistics, Jaca, Spain},
  year = {2009},
  series = {Monograf\'ias Matem\'aticas Garc\'ia de Galdeano}, 
  note = {\url{http://hal.archives-ouvertes.fr/hal-00426694/en/}}
}

@ARTICLE{Delestre13,
 author = {Delestre, Olivier and Lucas, Carine and Ksinant, Pierre-Antoine  
  and Darboux, Fr\'ed\'eric and Laguerre, Christian and Vo, Thi Ngoc Tuoi and James, Fran\c{c}ois and Cordier, St\'ephane},
 title = {{SWASHES}: a compilation of shallow water analytic solutions for hydraulic
    and environmental studies},
  journal = {International Journal for Numerical Methods in Fluids},
  year = {2013},
  volume = {72},
  pages = {269--300},
  number = {3},
  doi = {10.1002/fld.3741},
   issn = {1097-0363},
   url = {http://hal.archives-ouvertes.fr/hal-00628246}
}

@UNPUBLISHED{Delestre14,
  hal_id = {hal-00932234},
  url = {http://hal.archives-ouvertes.fr/hal-00932234},
  title = {{FullSWOF: A free software package for the simulation of shallow water flows}},
  author = {Delestre, Olivier and Darboux, Fr{\'e}d{\'e}ric and James, Francois and Lucas, Carine and Laguerre, Christian and Cordier, Stephane},
  note = {30 pages },
  year = {2014},
  month = Jan,
  pdf = {http://hal.archives-ouvertes.fr/hal-00932234/PDF/FullSWOF.pdf},
}

@ARTICLE{Esteves00, 
  author = {Esteves, Michel and Faucher, Xavier and Galle, Sylvie and Vauclin, Michel},
  title = {Overland flow and infiltration modelling for small plots during unsteady rain: numerical results versus observed values}, 
  journal = {Journal of Hydrology}, 
  volume = {228}, 
  pages = {265--282}, 
  year = {2000}
}

@TECHREPORT{Goutal97,
  title = {Proceedings of the $\rm 2^{nd}$ workshop on dam-break wave simulation},
  year = {1997},
  author = {Goutal, Nicole and Maurel, Fran\c{c}ois},
  institution = {Electricit\'{e} de France, Direction des \'{e}tudes et recherches},
  number = {HE-43/97/016/B}
}

@ARTICLE{Harten86,
  author = {Harten, Ami and Osher, Stanley and Engquist, Bj\örn and Chakravarthy,
	Sukumar~R.},
  title = {Some results on uniformly high-order accurate essentially nonoscillatory
	schemes},
  journal = {Applied Numerical Mathematics},
  year = {1986},
  volume = {2},
  pages = {347 - 377},
  number = {3-5},
  note = {Special Issue in Honor of Milt Rose's Sixtieth Birthday},
  doi = {10.1016/0168-9274(86)90039-5},
  issn = {0168-9274},
  url = {http://www.sciencedirect.com/science/article/B6TYD-45GVV8T-J/2/830ca2dce5e3fb34ace9fa53ae5ab76b}
}

@ARTICLE{Harten87,
  author = {Harten, Ami and Engquist, Bjorn and Osher, Stanley and Chakravarthy,
	Sukumar~R.},
  title = {Uniformly {H}igh {O}rder {A}ccurate {E}ssentially {N}on-oscillatory
	{S}chemes, {III}},
  journal = {Journal of Computational Physics},
  year = {1987},
  volume = {71},
  pages = {231-303},
}

@UNPUBLISHED{LeRoux01, 
  author = {Le Roux, A. Y.}, 
  title = {Conditions aux limites et Problèmes hyperboliques : un point de vue num\'erique}, 
  note = {Available in the document of the Conf\'erence at IHP-Paris}, 
  year = 2001
}

@ARTICLE{vanLeer79,
  author = {van {L}eer, Bram},
  title = {{T}owards the ultimate conservative difference scheme. {V}. {A} second-order
	sequel to {G}odunov's method},
  journal = {Journal of Computational Physics},
  year = {1979},
  volume = {32},
  pages = {101 - 136},
  number = {1},
  doi = {10.1016/0021-9991(79)90145-1},
  issn = {0021-9991},
  url = {http://www.sciencedirect.com/science/article/B6WHY-4DD1N8T-C5/2/9b051d1cfcff715a3d0f4b7b7b0397cc}
}

@ARTICLE{Shu88,
  author = {Shu, C.-W. and Osher, Stanley},
  title = {Efficient implementation of essentially non-oscillatory shock-capturing
	schemes},
  journal = {Journal of Computational Physics},
  year = {1988},
  volume = {77},
  pages = {439 - 471},
  number = {2},  doi = {10.1016/0021-9991(88)90177-5},
  issn = {0021-9991},
  url = {http://www.sciencedirect.com/science/article/B6WHY-4DD1T6W-MM/2/bef99e4b67bd7132c8af1984c34ce57e}
}

@ARTICLE{Smith07,
  author = {Smith, Mark~W. and Cox, Nicholas~J. and Bracken, Louise~J.},
  title = {Applying flow resistance equations to overland flows},
  journal = {Progress in Physical Geography},
  year = {2007},
  volume = {31},
  pages = {363--387},
  number = {4},
  doi = {10.1177/0309133307081289}
}

@ARTICLE{Thacker81,
  author = {Thacker, William Carlisle},
  title = {Some exact solutions to the nonlinear shallow-water wave equations},
  journal = {Journal of Fluid Mechanics},
  year = {1981},
  volume = {107},
  pages = {499--508},
  doi = {10.1017/S0022112081001882},
  url = {http://journals.cambridge.org/action/displayAbstract?fromPage=online&aid=389055&fulltextType=RA&fileId=S0022112081001882}
}

@BOOK{Toro01,
  title = {Shock-Capturing Methods for Free-Surface Shallow Flows},
  publisher = {John Wiley \& Sons},
  year = {2001},
  editor = {John Wiley & Sons},
  author = {Toro, E. F.}
}




